@article{GMRES, 
 author = {Saad, Y. and Schultz, M. H.}, 
 title = {GMRES: A generalized minimal residual algorithm for solving nonsymmetric linear systems},
 journal = {SIAM Journal on scientific and statistical computing},
 volume = {7},
 number = {3},
 pages = {856--869},
 year = {1986}
}

@article{notasteo,
    author = {IMERL},
    title = {Apuntes de teórico - Métodos Numéricos},
    year = {2016},
    adress = {Instituto de Matemática y Estadística Rafael Laguardia (IMERL). Facultad de Ingeniería. Universidad de la República}
}

@book{matrixcomp,
 author = {Golub, Gene H. and Van Loan, Charles F.},
 title = {Matrix Computations},
 year = {2013},
 isbn = {978- 1-4214-0794-4},
 edition = {4th},
 publisher = {The Johns Hopkins University Press},
 address = {2715 North Charles Street,Baltimore, Maryland, MD, United States},
}

@book{apostol,
    author = {Tom M.Apostol},
    title = {Calculus, Volumen I},
    year = {1967},
    isbn = {84-291-5002-1},
    edition = {2nd},
    publisher = {Editorial Reverté SA},
    address = {Loreto, 13-15, Local B, 08029, Barcelona, España},
}

@book{itermethods,
 author = {Saad, Youcef},
 title = {Iterative methods for sparse linear systems},
 year = {2003},
 isbn = {978-0898715347},
 edition = {2nd},
 publisher = {Society for Industrial and Applied Mathematics},
}

@online{linalg,
 author = "The-SciPy-community ",
 title = "numpy.linalg.solve",
 url = "https://numpy.org/doc/stable/reference/generated/numpy.linalg.solve.html",
 addendum = "(accedido el: 6.10.2020)",
 keywords = "numpy, linear algebra",
}

@online{octavelinalg,
    author= "GNU-Octave-community",
    title = "Techniques Used for Linear Algebra",
    url = "https://octave.org/doc/v5.2.0/Techniques-Used-for-Linear-Algebra.html",
    addenum = "(accedido el: 5.10.2020)",
    keywords = "octave, linear algebra"

}

@online{topelitz,
    author= "Wolfram-MathWorld",
    title = "Topelitz Matrix",
    url = "https://mathworld.wolfram.com/ToeplitzMatrix.html",
    addenum = "(accedido el: 11.11.2020)",
    keywords = "wolfram, linear algebra"
}

@online{slidetheta,
    author= "Soderlind. G, Arévalo. C",
    title = "Numerical Methods for Differential Equations",
    url = "http://www.maths.lth.se/na/courses/FMN130/media/material/Chapter1.08a.pdf",
    addenum = "(accedido el: 11.11.2020)"
}

@online{lsode,
    author= "GNU-Octave-community",
    title = "Ordinary Differential Equations",
    url = "https://octave.org/doc/v4.4.1/Ordinary-Differential-Equations.html",
    addenum = "(accedido el: 12.11.2020)",
    keywords = "Octave, Differential Equations"
}
@article{recoba2016two,
author = {Recoba, Rodrigo and Robledo, Franco and Romero, Pablo and Viera, Omar},
title = {Two-node-connected star problem},
journal = {International Transactions in Operational Research},
volume = {25},
number = {2},
issn = {1475-3995},
pages = {523--543},
keywords = {two-node-connected star problem, ring star problem, GRASP, computational complexity},
year = {2018},
}
@incollection{Karp72,
  author = {Karp, R.},
  booktitle = {Complexity of Computer Computations},
  editor = {Miller, R. and Thatcher, J.},
  pages = {85--103},
  publisher = {Plenum Press},
  title = {Reducibility among combinatorial problems},
  year = 1972
}

@book{GW,
 author = {Williamson, David P. and Shmoys, David B.},
 title = {The Design of Approximation Algorithms},
 year = {2011},
 isbn = {0521195276, 9780521195270},
 edition = {1st},
 publisher = {Cambridge University Press},
 address = {New York, NY, USA},
}


@article{Kruskal,
    author = {Kruskal, Joseph B.},
    journal = {Proceedings of the American Mathematical Society},
    month = feb,
    number = {1},
    pages = {48--50},
    publisher = {American Mathematical Society},
    title = {{On the Shortest Spanning Subtree of a Graph and the Traveling Salesman Problem}},
    volume = {7},
    year = {1956}
}



@techreport{christofides,
    author = {Christofides, N.},
    institution = {Graduate School of Industrial Administration, Carnegie Mellon University},
    number = {388},
    title = {{Worst-case analysis of a new heuristic for the travelling salesman problem}},
    year = {1976}
}

@inproceedings{recoba2016grasp,
  title={A GRASP/VND Heuristic for a Generalized Ring Star Problem},
  author={Recoba, Rodrigo and Robledo, Franco and Romero, Pablo and Viera, Omar},
  booktitle={International Workshop on Hybrid Metaheuristics},
  pages={104--117},
  year={2016},
  organization={Springer}
}
@article{labbe2004ring,
  title={The ring star problem: Polyhedral analysis and exact algorithm},
  author={Labb{\'e}, Martine and Laporte, Gilbert and Mart{\'\i}n, Inmaculada Rodr{\'\i}guez and Gonzalez, Juan Jose Salazar},
  journal={Networks},
  volume={43},
  number={3},
  pages={177--189},
  year={2004}
}
@article{botton2013benders,
  title={Benders decomposition for the hop-constrained survivable network design problem},
  author={Botton, Q. and Fortz, B. and Gouveia, L. and Poss, M.},
  journal={INFORMS Journal on Computing},
  volume={25},
  number={1},
  pages={13--26},
  year={2013},
  publisher={INFORMS}
}
@phdthesis{bottonsurvivable,
  title={Survivable network design with quality of service constraints},
  author={Botton, Q.},
  school={Universit{\'e} Catholique de Louvain, Louvain School of Management},
year = {2010}
}
@techreport{fritznetworkheuristic,
  title={Heuristic Methods for the Hop Constrained Survivable Network Design Problem},
  author={Fritz, G.},
  institution={Diplom-Ingenieur thesis, Technische Universit\"at Wien, 2011}
}
@article{kerivin2005design,
  title={Design of survivable networks: A survey},
  author={Kerivin, H. and Mahjoub, A.},
  journal={Networks},
  volume={46},
  number={1},
  pages={1--21},
  year={2005},
  publisher={Wiley Online Library}
}
@incollection{mahjoub2011hop,
  title={Hop-level flow formulation for the hop constrained survivable network design problem},
  author={Mahjoub, R. and Simonetti, L. and Uchoa, E.},
  booktitle={Network Optimization},
  pages={176--181},
  year={2011},
  publisher={Springer}
}
@TECHREPORT{bottonhop,
  author =       {Botton, Q. and Fortz, B. and Gouveia, L.},
  title =        {On the hop-constrained survivable network design problem with reliable edges},
  institution =  {Centro de Investiga\c{c}\~ao Operacional, Faculdade de Ciencias da Universidade de Lisboa, Lisboa, Portugal},
  year =         {2014},
  type =         {Working Paper},
  number =       {4},
  address =      {\url{http://www.optimization-online.org/DB_FILE/2012/04/3424.pdf}},
}

@phdthesis{robledo2005grasp,
  title={GRASP heuristics for Wide Area Network design},
  author={Robledo, F.},
  year={2005},
  school={IRISA/INRIA Universit{\'e} de Rennes I}
}
@article{gouveia1998using,
  title={Using variable redefinition for computing lower bounds for minimum spanning and {Steiner} trees with hop constraints},
  author={Gouveia, L.},
  journal={INFORMS Journal on Computing},
  volume={10},
  number={2},
  pages={180--188},
  year={1998},
}
  publisher={INFORMS}

@article{gouveia2008hop,
  title={Hop-constrained node survivable network design: An application to {MPLS} over {WDM}},
  author={Gouveia, L. and Patr{\'\i}cio, P. and de Sousa, A.},
  journal={Networks and Spatial Economics},
  volume={8},
  number={1},
  pages={3--21},
  year={2008},
  publisher={Springer}
}
@book{stoer1992design,
  title={Design of survivable networks},
  author={Stoer, M.},
  year={1992},
  publisher={Springer}
}

@incollection{orlowski2006effect,
year={2006},
booktitle={Telecommunications Planning: Innovations in Pricing, Network Design and Management},
editor={Raghavan, S. and Anandalingam, G.},
title={The Effect of Hop Limits on Optimal Cost in Survivable Network Design},
 author={Orlowski, S. and Wess{\"a}ly, R.},
}
volume={33},
series={Operations Research/Computer Science Interfaces Series},

@phdthesis{baiou1996probleme,
  title={Le probl{\`e}me du sous-graphe {Steiner} 2-ar{\^e}te connexe: Approche poly{\'e}drale},
  author={Ba{\"\i}ou, Mourad},
  school={Universit{\'e} de Rennes I, France},
  year={1996}
}
@article{balakrishnan2004connectivity,
  title={Connectivity--splitting models for survivable network design},
  author={Balakrishnan, A. and Magnanti, T. L and Mirchandani, P.},
  journal={Networks},
  volume={43},
  number={1},
  pages={10--27},
  year={2004},
  publisher={Wiley Online Library}
}
@phdthesis{didi1998graphes,
  title={Graphes k-ar{\^e}te connexes et poly{\`e}dres},
  author={Didi Biha, Mohamed},
  year={1998}
}
@article{steiglitz1969design,
  title={The design of minimum-cost survivable networks},
  author={Steiglitz, K. and Weiner, P. and Kleitman, D.},
  journal={IEEE Transactions on Circuit Theory},
  volume={16},
  number={4},
  pages={455--460},
  year={1969},
  publisher={IEEE}
}
@article{winter1987steiner,
  title={Steiner problem in networks: a survey},
  author={Winter, P.},
  journal={Networks},
  volume={17},
  number={2},
  pages={129--167},
  year={1987},
  publisher={Wiley Online Library}
}
@book{vazirani2003approximation,
  title={Approximation algorithms},
  author={Vazirani, Vijay V},
  year={2003},
  publisher={Springer Science \& Business Media}
}
@article{grotschel1995design,
  title={Design of survivable networks},
  author={Gr{\"o}tschel, Martin and Monma, Clyde L and Stoer, Mechthild},
  journal={Handbooks in operations research and management science},
  volume={7},
  pages={617--672},
  year={1995},
  publisher={Elsevier}
}
@article{monma1990minimum,
  title={Minimum-weight two-connected spanning networks},
  author={Monma, Clyde L and Munson, Beth Spellman and Pulleyblank, William R},
  journal={Mathematical Programming},
  volume={46},
  number={1-3},
  pages={153--171},
  year={1990},
  publisher={Springer}
}
@article{fredrickson1982relationship,
  title={On the relationship between the biconnectivity augmentation and traveling salesman problem},
  author={Fredrickson, Greg N and J{\'a}j{\'a}, Joseph},
  journal={Theoretical Computer Science},
  volume={19},
  number={2},
  pages={189--201},
  year={1982}
}
@article{winter2005two,
  title={Two-connected Steiner networks: structural properties},
  author={Winter, Pawel and Zachariasen, Martin},
  journal={Operations Research Letters},
  volume={33},
  number={4},
  pages={395--402},
  year={2005},
  publisher={Elsevier}
}
